<?xml version="1.0" encoding="UTF-8"?><collection xmlns="http://www.loc.gov/MARC21/slim"><record><leader>00395nam--2200121-i-4500</leader><controlfield tag="001">000022407</controlfield><controlfield tag="002">20161230</controlfield><controlfield tag="005">20161230201034</controlfield><controlfield tag="008">060222s1000------------r-----000-0-eng-d</controlfield><datafield ind1=" " ind2=" " tag="100"><subfield code="a">Horwood, J.L., Ingles, J.C., Zimmerman, J.B</subfield></datafield><datafield ind1=" " ind2=" " tag="245"><subfield code="a">The analytical determination of uranium in iron and stees alloys</subfield></datafield><datafield ind1=" " ind2=" " tag="260"><subfield code="a">Ottawa, Department Of Mines And Technical Surveys, 1961. Vi + 104p</subfield></datafield><datafield ind1=" " ind2=" " tag="852"><subfield code="a">21814</subfield></datafield></record></collection>